@article{Starner1998,
  author  = {Starner, Thad and Weaver, Joshua and Pentland, Alex},
  title   = {Real-Time American Sign Language Recognition Using Desk and Wearable Computer Based Video},
  journal = {IEEE Transactions on Pattern Analysis and Machine Intelligence},
  volume  = {20},
  number  = {12},
  pages   = {1371--1375},
  year    = {1998},
  doi     = {10.1109/34.735811}
}

@article{Koller2016,
  author  = {Koller, Oscar and Forster, Jens and Ney, Hermann},
  title   = {Continuous Sign Language Recognition: Towards Large Vocabulary Statistical Recognition Systems Handling Multiple Signers},
  journal = {Computer Vision and Image Understanding},
  volume  = {141},
  pages   = {108--125},
  year    = {2015},
  doi     = {10.1016/j.cviu.2015.08.004},
  type    = {Journal Article}
}

@article{Pigou2018,
  author  = {Pigou, Lionel and Dieleman, Sander and Kindermans, Pieter-Jan and Schrauwen, Benjamin},
  title   = {Sign Language Recognition Using Convolutional Neural Networks},
  journal = {Lecture Notes in Computer Science},
  volume  = {8680},
  pages   = {572--578},
  year    = {2014},
  doi     = {10.1007/978-3-319-10593-2_74},
  type    = {Journal Article}
}

@article{Huang2019,
  author  = {Huang, Jun and Zhou, Wei and Yin, Hao and Hu, Weiping},
  title   = {Video-Based Sign Language Recognition Without Temporal Segmentation},
  journal = {IEEE Transactions on Circuits and Systems for Video Technology},
  volume  = {29},
  number  = {6},
  pages   = {1623--1637},
  year    = {2019},
  doi     = {10.1109/TCSVT.2018.2837019},
  type    = {Journal Article}
}

@article{Camgoz2020,
  author    = {Camgoz, Necati Cihan and Hadfield, Simon and Koller, Oscar and Bowden, Richard},
  journal   = {Proceedings of the IEEE/CVF Conference on Computer Vision and Pattern Recognition (CVPR)},
  pages     = {10023--10033},
  year      = {2020},
  doi       = {10.1109/CVPR42600.2020.01004},
  type      = {Conference Paper},
  doi       = {10.1109/CVPR42600.2020.01004},
  author    = {Starner, Thad and Pentland, Alex},
  title     = {Visual Recognition of American Sign Language Using Hidden Markov Models},
  booktitle = {Proceedings of the International Workshop on Automatic Face and Gesture Recognition},
  pages     = {189--194},
  year      = {1995},
  doi       = {10.1109/AFGR.1995.456217},
  type      = {Conference Paper}
}


@dataset{kaggle1,
   title     = {ASL Alphabet},
   author    = {Kaggle},
   url       = {https://www.kaggle.com/datasets/grassknoted/asl-alphabet},
   year      = {2020},
   type      = {Dataset}
}


@dataset{kaggle2,
   title     = {ASL Alphabet},
   author    = {Kaggle},
   url       = {https://www.kaggle.com/datasets/grassknoted/asl-alphabet},
   year      = {2020},
   type      = {Dataset}
   }
   
   
@dataset{kaggle3,
   title     = {ASL Alphabet},
   author    = {Kaggle},
   url       = {https://www.kaggle.com/datasets/grassknoted/asl-alphabet},
   year      = {2020},
   type      = {Dataset}
   }
   